

@misc{visoai2021object,
  title = {Object Detection},
  author = "{Viso.ai}",
  year = {2021},
  howpublished = "\url{https://viso.ai/deep-learning/object-detection/}"}

@misc{redmon2016yolo,
  title={You Only Look Once: Unified, Real-Time Object Detection},
  author={Redmon, Joseph and Divvala, Santosh and Girshick, Ross and Farhadi, Ali},
  journal={arXiv preprint arXiv:1506.02640},
  year={2016},
  howpublished = "\url{https://arxiv.org/abs/1506.02640}"
}

@misc{learnopencvYOLOv8Tracking,
  title={YOLOv8 Object Tracking and Counting},
  author={Author Noventa},
  journal={Learn OpenCV},
  year={2024},
  howpublished={\url{https://www.learnopencv.com/yolov8-object-tracking-and-counting/}}
}

@misc{pytorch,
  author = "{PyTorch}",
  title = "{An open source machine learning framework}",
  year = {2023}, % Use the current year or the year you accessed the website
  howpublished = {\url{https://pytorch.org/}},
  note = {Accessed: 2023-02-10} % Replace with the actual date you accessed the site
}

@misc{opencv,

  author = "{OpenCV}",
  title = "{Open Source Computer Vision Library}",
  year = {2023}, % Use the current year or the year you accessed the website
  howpublished = {\url{https://opencv.org/}},
  note = {Accessed: 2023-02-10} % Replace with the actual date you accessed the site
}

@article{lin2014microsoft,
  title={Microsoft COCO: Common Objects in Context},
  author={Lin, Tsung-Yi and Maire, Michael and Belongie, Serge and Hays, James and Perona, Pietro and Ramanan, Deva and Doll√°r, Piotr and Zitnick, C. Lawrence},
  journal={European conference on computer vision},
  pages={740--755},
  year={2014},
  organization={Springer},
  howpublished = {\url{https://cocodataset.org/}},
  note = {Accessed: 2023-02-10} % Update this date to your actual access date
}

@misc{ourvisualization2023,
  title={Visualization Techniques for Human Tracking Accuracy},
  author={Your Name and Co-authors' Names},
  year={2023},
  note={Results section in the current report},
}
